% Encoding: UTF-8

@Book{carvey2011windows,
  title     = {{Windows registry forensics: Advanced digital forensic analysis of the windows registry}},
  publisher = {Elsevier},
  year      = {2011},
  author    = {Carvey, Harlan},
}

@Book{kavrestad2018fundamentals,
  title     = {{Fundamentals of Digital Forensics: Theory, Methods, and Real-Life Applications}},
  publisher = {Springer},
  year      = {2018},
  author    = {K{\"a}vrestad, Joakim},
}

@Article{lo2014windows,
  author  = {Lo, Vincent},
  title   = {{Windows ShellBag Forensics in Depth}},
  journal = {SANS Institute. Retrieved from},
  year    = {2014},
}

@Ba{ba,
  author = {Anna-Lena Totzauer},
  title  = {{Forensische Analyse von Windows ShellBags. Bachelor Thesis}},
  year   = {2019},
  school = {{Hochschule Mittweida}},
}

@Misc{shelltype,
  author       = {Metz, Joachim},
  title        = {{Windows Shell Item format specification}},
  howpublished = {URL: \url{ https://github.com/libyal/libfwsi/blob/master/documentation/Windows%20Shell%20Item%20format.asciidoc#volume_shell_item}},
  note         = {{letzter Zugriff am 17.06.2020 um 11:00}},
}

@Book{anson2012mastering,
  title     = {{Mastering Windows Network Forensics and Investigation}},
  publisher = {John Wiley \& Sons},
  year      = {2012},
  author    = {Anson, Steven and Bunting, Steve and Johnson, Ryan and Pearson, Scott},
}

@Misc{netcore,
  author       = {Microsoft},
  title        = {{Introduction to .NET Core}},
  howpublished = {URL: \url{https://docs.microsoft.com/de-de/dotnet/core/introduction}},
  note         = {{letzter Zugriff am 17.06.2020 um 10:27}},
}

@Misc{netfw,
  author       = {Microsoft},
  title        = {{Systemanforderungen für .NET Framework}},
  howpublished = {URL: \url{ https://docs.microsoft.com/de-de/dotnet/framework/get-started/}},
  note         = {{letzter Zugriff am 17.06.2020 um 9:34}},
}

@Misc{vs,
  author       = {Microsoft},
  title        = {{Visual Studio 2019}},
  howpublished = {URL: \url{ https://visualstudio.microsoft.com/de/vs/}},
  note         = {{letzter Zugriff am 18.04.2020 um 9:59}},
}

@Book{bayer2008visual,
  title     = {{Visual C [\#] 2008: Windows-Programmierung mit dem. NET Framework 3.5}},
  publisher = {Pearson Deutschland GmbH},
  year      = {2008},
  author    = {Bayer, J{\"u}rgen},
}

@Misc{ende,
  author       = {Microsoft},
  title        = {{.NET erneut vereint: Microsofts Pläne für .NET 5}},
  howpublished = {URL: \url{https://docs.microsoft.com/de-de/archive/msdn-magazine/2019/july/csharp-net-reunified-microsoft%E2%80%99s-plans-for-net-5}},
  note         = {{letzter Zugriff am 17.06.2020 um 10:26}},
}

@Misc{preview,
  author       = {{.NET Blog}},
  title        = {{.NET Core 3 for Windows Desktop}},
  howpublished = {URL: \url{https://devblogs.microsoft.com/dotnet/net-core-3-for-windows-desktop/}},
  note         = {{letzter Zugriff am 17.06.2020 um 10:53}},
}

@Misc{port,
  author       = {Microsoft},
  title        = {{Übersicht über das Portieren von .NET Framework zu .NET Core}},
  howpublished = {URL: \url{ https://docs.microsoft.com/de-de/dotnet/core/porting/}},
  note         = {{letzter Zugriff am 17.06.2020 um 10:58}},
}

@Misc{whoami,
  author       = {Microsoft},
  title        = {{whoami}},
  howpublished = {URL: \url{ https://docs.microsoft.com/de-de/windows-server/administration/windows-commands/whoami}},
  note         = {{letzter Zugriff am 19.04.2020 um 19:32}},
}

@Misc{sid,
  author       = {Tim Fisher},
  title        = {{How to Find a User's Security Identifier (SID) in Windows}},
  howpublished = {URL: \url{ https://www.lifewire.com/how-to-find-a-users-security-identifier-sid-in-windows-2625149}},
  note         = {{letzter Zugriff am 19.04.2020 um 19:37}},
}

@Misc{hsmw,
  author       = {Hochschule Mittweida},
  title        = {{Externer Zugriff auf Verzeichnisse}},
  howpublished = {URL: \url{https://wiki.hs-mittweida.de/de/Externer_Zugriff_auf_Verzeichnisse}},
  note         = {{letzter Zugriff am 26.04.2020 um 18:29}},
}

@Misc{nett,
  author       = {Chip},
  title        = {{Microsoft .NET Framework 4.8}},
  howpublished = {URL: \url{https://www.chip.de/downloads/Microsoft-.NET-Framework-4.8_54812855.html}},
  note         = {{letzter Zugriff am 15.06.2020 um 15:18}},
}

@Misc{guids,
  author       = {Joachim Metz},
  title        = {{Shell Folder Identifiers}},
  howpublished = {URL: \url{https://github.com/libyal/libfwsi/wiki/Shell-Folder-identifiers}},
  note         = {{letzter Zugriff am 08.05.2020 um 9:58}},
}

@Book{achtdrei,
  title     = {{The Complete Guide to Windows Server 2008: Comp Guid Wind Serv 2008 Ado}},
  publisher = {Pearson Education},
  year      = {2008},
  author    = {Savill, John},
}

@Misc{zz,
  author       = {Zeitzonen.de},
  title        = {{USA}},
  howpublished = {URL: \url{https://www.zeitzonen.de/pacific_standard_time_pst_-_usa.html}},
  note         = {{letzter Zugriff am 16.06.2020 um 18:35}},
}

@Misc{datagrid,
  author       = {Microsoft},
  title        = {{Windows Forms Designer for .NET Core Released}},
  howpublished = {URL: \url{https://devblogs.microsoft.com/dotnet/windows-forms-designer-for-net-core-released/#user-content-whats-available-in-the-designer}},
  note         = {{letzter Zugriff am 17.06.2020 um 19:32}},
}

@Misc{dient,
  author       = {Microsoft},
  title        = {{DataGridView-Steuerelement (Windows Forms)}},
  howpublished = {URL: \url{https://docs.microsoft.com/de-de/dotnet/framework/winforms/controls/datagridview-control-windows-forms}},
  note         = {{letzter Zugriff am 17.06.2020 um 19:34}},
}

@Misc{update,
  author       = {Microsoft},
  title        = {{.NET Framework 4.8 is available on Windows Update, WSUS and MU Catalog}},
  howpublished = {URL: \url{https://devblogs.microsoft.com/dotnet/net-framework-4-8-is-available-on-windows-update-wsus-and-mu-catalog/}},
  note         = {{letzter Zugriff am 23.06.2020 um 9:35}},
}

@Comment{jabref-meta: databaseType:bibtex;}
